<record><leader>00000cas a22000007a 4500</leader><controlfield tag="001">10413099</controlfield><controlfield tag="008">840214d18691898pauwr ne      0    0eng d</controlfield><datafield ind1=" " ind2=" " tag="010"><subfield code="a">sn 84026260 </subfield></datafield><datafield ind1=" " ind2=" " tag="040"><subfield code="a">NPU</subfield><subfield code="b">eng</subfield><subfield code="c">NPU</subfield><subfield code="d">NPX</subfield><subfield code="d">NPH</subfield><subfield code="d">MGN</subfield><subfield code="d">OCLCQ</subfield></datafield><datafield ind1=" " ind2=" " tag="042"><subfield code="a">msc</subfield></datafield><datafield ind1="0" ind2="4" tag="245"><subfield code="a">The Elk Democrat.</subfield></datafield><datafield ind1=" " ind2=" " tag="260"><subfield code="a">Ridgway, Pa. :</subfield><subfield code="b">Elk Democrat Print. Co.,</subfield><subfield code="c">1869-1898.</subfield></datafield><datafield ind1=" " ind2=" " tag="300"><subfield code="a">31 v. ;</subfield><subfield code="c">66 cm.</subfield></datafield><datafield ind1=" " ind2=" " tag="310"><subfield code="a">Weekly,</subfield><subfield code="b">&lt;Aug. 1896-&gt;</subfield></datafield><datafield ind1=" " ind2=" " tag="321"><subfield code="a">Weekly,</subfield><subfield code="b">-Dec. 12, 1895</subfield></datafield><datafield ind1=" " ind2=" " tag="321"><subfield code="a">Semiweekly,</subfield><subfield code="b">Dec. 20, 1895-&lt;1896&gt;</subfield></datafield><datafield ind1="0" ind2=" " tag="362"><subfield code="a">Vol. 1, no. 1 (Aug. 28, 1869)-v. 31, no. 52 (Dec. 28, 1898).</subfield></datafield><datafield ind1=" " ind2=" " tag="500"><subfield code="a">Publisher's name recorded in Hist. of the counties of McKean, Elk, Cameron and Potter, Pa., 1890.</subfield></datafield><datafield ind1=" " ind2=" " tag="500"><subfield code="a">Publishers: Elk Democrat Assn., &lt;1873&gt;; Will H. Hyde, &lt;1876&gt;.</subfield></datafield><datafield ind1=" " ind2=" " tag="500"><subfield code="a">Democratic, &lt;1876&gt;.</subfield></datafield><datafield ind1=" " ind2=" " tag="500"><subfield code="a">Editor: Eugene J. Miller, &lt;1874-1876&gt;.</subfield></datafield><datafield ind1=" " ind2=" " tag="500"><subfield code="a">Proprietor: G.G. Messenger, &lt;1874&gt;.</subfield></datafield><datafield ind1=" " ind2=" " tag="515"><subfield code="a">Published as a half sheet, Oct. 1882. Cf. Hist. of the counties of McKean, Elk, Cameron and Potter, Pa., 1890.</subfield></datafield><datafield ind1=" " ind2=" " tag="752"><subfield code="a">United States</subfield><subfield code="b">Pennsylvania</subfield><subfield code="c">Elk</subfield><subfield code="d">Ridgway.</subfield></datafield><datafield ind1="0" ind2=" " tag="775"><subfield code="t">Daily Democrat (Ridgway, Pa.)</subfield></datafield><datafield ind1="0" ind2="0" tag="785"><subfield code="t">Elk County Democrat</subfield><subfield code="w">(DLC)sn 87078298</subfield></datafield></record>